<record><leader>00000cas a22000007a 4500</leader><controlfield tag="001">17022533</controlfield><controlfield tag="008">871124d19091910iauwr ne      0    0eng d</controlfield><datafield ind1=" " ind2=" " tag="010"><subfield code="a">sn 87058632 </subfield></datafield><datafield ind1=" " ind2=" " tag="040"><subfield code="a">INP</subfield><subfield code="b">eng</subfield><subfield code="c">INP</subfield><subfield code="d">OCLCQ</subfield></datafield><datafield ind1=" " ind2=" " tag="042"><subfield code="a">msc</subfield></datafield><datafield ind1="0" ind2="0" tag="245"><subfield code="a">Lake View Argus.</subfield></datafield><datafield ind1=" " ind2=" " tag="260"><subfield code="a">Lake View, Iowa :</subfield><subfield code="b">L.M. Rodgers,</subfield><subfield code="c">-1910.</subfield></datafield><datafield ind1=" " ind2=" " tag="300"><subfield code="a">v.</subfield></datafield><datafield ind1=" " ind2=" " tag="310"><subfield code="a">Weekly</subfield></datafield><datafield ind1="1" ind2=" " tag="362"><subfield code="a">Began in 1909?</subfield></datafield><datafield ind1="0" ind2=" " tag="362"><subfield code="a">-v. 1, no. 40 (Jan. 27, 1910).</subfield></datafield><datafield ind1=" " ind2=" " tag="588"><subfield code="a">Description based on: Vol. 1, no. 10 (Sept. 2, 1909).</subfield></datafield><datafield ind1=" " ind2=" " tag="752"><subfield code="a">United States</subfield><subfield code="b">Iowa</subfield><subfield code="c">Sac</subfield><subfield code="d">Lake View.</subfield></datafield><datafield ind1="0" ind2="0" tag="780"><subfield code="t">Lake View resort (Lake View, Iowa : 1889)</subfield><subfield code="w">(DLC)sn 87058631</subfield></datafield><datafield ind1="0" ind2="0" tag="785"><subfield code="t">Lake View resort (Lake View, Iowa : 1910)</subfield><subfield code="w">(DLC)sn 87058633</subfield></datafield></record>